<?xml version="1.0" encoding="UTF-8"?><collection xmlns="http://www.loc.gov/MARC21/slim"><record><leader>00452nam--2200133-i-4500</leader><controlfield tag="001">000019721</controlfield><controlfield tag="002">20161230</controlfield><controlfield tag="005">20161230201033</controlfield><controlfield tag="008">060222s1000------------r-----000-0-eng-d</controlfield><datafield ind1=" " ind2=" " tag="080"><subfield code="a">621.38:621.391:621.39</subfield></datafield><datafield ind1=" " ind2=" " tag="245"><subfield code="a">Electronica, informatica, telecomunicatii</subfield></datafield><datafield ind1=" " ind2=" " tag="260"><subfield code="a">Bucuresti, Institutul National De Informare Si Documentare, 1978. 69 P</subfield></datafield><datafield ind1=" " ind2=" " tag="490"><subfield code="a">Orientari, Realizari, Tendinte In Cercetarea Stiintifica Si Inginerie Tehnologica</subfield></datafield><datafield ind1=" " ind2=" " tag="852"><subfield code="a">45574</subfield></datafield></record></collection>